
@book{Consuegra-2023,
    author = {Sergio Consuegra},
    title = {The Science of Climbing Training: An Evidence-Based Guide to Improving Your Climbing Performance},
    publisher = {Vertebrate Publishing},
    year = {2023}
}


@misc{US5919117A,
  title={Climbing training apparatus},
  author={James F. Thompson and David O. Meyers},
  note={US Patent 5,919,117},
  year={1999},
  howpublished={\url{https://patents.google.com/patent/US5919117A/en}},
  organization={Ascent Products Inc},
  status={Expired - Fee Related}
}

@misc{US5125877A,
  title={Simulated climbing wall},
  author={George Brewer},
  year={1990},
  howpublished={\url{https://patentyogi.com/ingenious-inventions/treadwall-rotating-climbing-wall-ingenious-inventions}},
  organization={Brewer’s Ledge, Inc.},
  status={Expired - Fee Related}
}

@article{Michailov-2014,
   author       = {Michailov, Michail Lubomirov},
   title        = {Workload Characteristic, Performance Limiting Factors and Methods for Strength and Endurance Training in Rock Climbing},
   journal      = {Medicina Sportiva},
   volume       = {18},
   number       = {3},
   year         = {2014},
   pages        = {97--106}
}
@misc{MaddyCope-2022,
  author = {Maddy Cope},
  title = {Strength vs Power - What's the difference and why does it matter?},
  year = {2022},
  url = {https://latticetraining.com/2022/05/22/strength-vs-power/},
  note = {Accessed: 2024-04-15}
}


@misc{bechtel_endurance_2024,
    author = {Steve Bechtel},
    title = {Endurance 3.0},
    year = {2024},
    url = {http://www.climbstrong.com/articles/2024/endurance-3-0},
    note = {Accessed: 2024-04-15}
}

@misc{brozek_climbing_2023,
  author       = {Faye Brozek},
  title        = {Get to grips with lead, speed and boulder climbing},
  year         = 2023,
  month        = aug,
  day          = 15,
  url          = {https://www.redbull.com/climbing-guide},
  note         = {Accessed: 2023-08-15 UTC+2},
  organization = {Red Bull},
  urldate      = {2023-08-15}
}

@misc{lafabriqueverticale_2022,
  author       = {Laurence},
  title        = {Dynos are the coolest moves in climbing : see why !},
  year         = 2022,
  url          = {https://lafabriqueverticale.com/en/dynos-are-the-coolest-moves-in-climbing-see-why/},
  urldate      = {2022-06-13}
}

@misc{Fast2024,
  author = {Annie Fast},
  title = {Olympic Qualifier Series: The Race for the Remaining U.S. Men's Speed Sport Climbing Spot},
  year = {2024},
  howpublished = {\url{https://www.olympicchannel.com/en/stories/news/detail/olympic-qualifier-series-us-men-speed-sport-climbing-paris-2024/}},
  note = {Accessed: 16 April 2024},
  urldate = {2024-04-16}
}

@misc{Taipei_Times_2023, 
key = {Taipei Times},
url={https://www.taipeitimes.com/News/sport/archives/2023/10/05/2003807234}, journal={Taipei Times}, publisher={台北時報}, year={2023}, month={Oct}} 

@misc{Branch_2021, title={What to watch in the sport climbing finals at the Olympics}, url={https://www.nytimes.com/article/climbing-olympics-speed-bouldering.html}, journal={The New York Times}, publisher={The New York Times}, author={Branch, John}, year={2021}, month={Aug}} 

@misc{Simon_2020, title={Save rocklands}, url={https://globalclimbing.org/save-rocklands}, journal={The Global Climbing Initiative}, author={Simon, Nicki}, year={2020}, month={May}} 

@misc{Smith, title={South African Climbing Photo Gallery}, url={http://www.climbing.co.za/gallery2/displayimage.php?pid=1839}, journal={Waterval Boven - God No Wall - Waterval Boven - South African Climbing Photo Gallery}, author={Smith, Dirk}} 


@article{kim2021,
  author = {Tony Archie Kim},
  title = {Jeremy sending Chain Erection (30/8a)},
  journal = {SA Mountain},
  year = {2024},
  month = {June-August},
  pages = {16},
  note = {Photo by Tony Archie Kim}
}

@book{dieter_schmidt_2021,
  title     = {Engineering Design},
  author    = {George E. Dieter and Linda C. Schmidt},
  year      = {2021},
  edition   = {6th},
  publisher = {McGraw-Hill},
  address   = {New York, NY},
  isbn      = {978-1260113297},
}

@misc{SKF_BeltDriveTool,
    author       = {SKF},
    title        = {SKF Belt Drive Design Calculation Tool},
    howpublished = {\url{https://www.skf.com/au/digital-tools/select-and-evaluate/belt-drive-design-calculations-tool}},
    note         = {Accessed: October 3, 2024},
    year         = {2024},
}
